<collection xmlns="http://www.loc.gov/MARC21/slim">
<record>
  <leader>01176nam0a22002291i 450 </leader>
  <controlfield tag="001">IT\ICCU\CNCE\044990</controlfield>
  <controlfield tag="005">19990121000000.0</controlfield>
  <datafield tag="012" ind1=" " ind2=" ">
    <subfield code="a">erem re.a ulil SiNo (3) 1549 (A)</subfield>
    <subfield code="2">fei</subfield>
  </datafield>
  <datafield tag="100" ind1=" " ind2=" ">
    <subfield code="a">19990120d1549        0itac0103    ba</subfield>
  </datafield>
  <datafield tag="101" ind1=" " ind2=" ">
    <subfield code="a">LAT</subfield>
  </datafield>
  <datafield tag="102" ind1=" " ind2=" ">
    <subfield code="a">IT</subfield>
  </datafield>
  <datafield tag="200" ind1="1" ind2=" ">
    <subfield code="a">℗D. Anselmi Cantuariensis archiepiscopi, ... ℗Luculentissimae, in omnes sanctissimi Pauli apostoli epistolas enarrationes</subfield>
  </datafield>
  <datafield tag="210" ind1=" " ind2=" ">
    <subfield code="a">Venetijs</subfield>
    <subfield code="c">ad signum Spei</subfield>
    <subfield code="d">1549</subfield>
  </datafield>
  <datafield tag="215" ind1=" " ind2=" ">
    <subfield code="a">\12!, 432 c.</subfield>
    <subfield code="d"></subfield>
  </datafield>
  <datafield tag="300" ind1=" " ind2=" ">
    <subfield code="a">((Col testo delle Epistolae in latino. - Opera falsamente attribuita a S. Amnselmo (cfr.: P.L., CLXXXI, col. 11-16).- Marca sul </subfield>
  </datafield>
  <datafield tag="700" ind1=" " ind2="0">
    <subfield code="a">Hervaeus</subfield>
    <subfield code="c"> : Burgidolensis</subfield>
    <subfield code="3">IT\ICCU\CNCA\006500</subfield>
  </datafield>
  <datafield tag="790" ind1=" " ind2="0">
    <subfield code="a">Erveo</subfield>
    <subfield code="c"> : di#Dǒls</subfield>
    <subfield code="3">IT\ICCU\CNCA\014372</subfield>
    <subfield code="z">Hervaeus : Burgidolensis</subfield>
  </datafield>
  <datafield tag="790" ind1=" " ind2="0">
    <subfield code="a">Hervaeus</subfield>
    <subfield code="3">IT\ICCU\CNCA\019727</subfield>
    <subfield code="z">Hervaeus : Burgidolensis</subfield>
  </datafield>
  <datafield tag="790" ind1=" " ind2="0">
    <subfield code="a">Hervaeus</subfield>
    <subfield code="c"> : Dolensis</subfield>
    <subfield code="3">IT\ICCU\CNCA\019728</subfield>
    <subfield code="z">Hervaeus : Burgidolensis</subfield>
  </datafield>
  <datafield tag="790" ind1=" " ind2="0">
    <subfield code="a"></subfield>
    <subfield code="c"> : de#Bourg-Dieu</subfield>
    <subfield code="3">IT\ICCU\CNCA\019729</subfield>
    <subfield code="z">Hervaeus : Burgidolensis</subfield>
  </datafield>
  <datafield tag="801" ind1=" " ind2="3">
    <subfield code="a">IT</subfield>
    <subfield code="b">ICCU</subfield>
    <subfield code="c">20201114</subfield>
  </datafield>
  <datafield tag="899" ind1=" " ind2=" ">
    <subfield code="a">Biblioteca nazionale centrale. Roma</subfield>
    <subfield code="1">RM0267</subfield>
    <subfield code="2">BVE CR</subfield>
  </datafield>
</record>
</collection>
